
@article{bayu_scheduling_2020,
	title = {Scheduling of gasoline blending and distribution using graphical genetic algorithm},
	volume = {133},
	issn = {00981354},
	url = {https://linkinghub.elsevier.com/retrieve/pii/S0098135419308713},
	doi = {10.1016/j.compchemeng.2019.106636},
	language = {en},
	urldate = {2021-11-15},
	journal = {Computers \& Chemical Engineering},
	author = {Bayu, Feleke and Panda, Debashish and Shaik, Munawar A. and Ramteke, Manojkumar},
	month = feb,
	year = {2020},
	pages = {106636},
}

@article{hubbs_deep_2020,
	title = {A deep reinforcement learning approach for chemical production scheduling},
	volume = {141},
	issn = {00981354},
	url = {https://linkinghub.elsevier.com/retrieve/pii/S0098135420301599},
	doi = {10.1016/j.compchemeng.2020.106982},
	language = {en},
	urldate = {2021-11-15},
	journal = {Computers \& Chemical Engineering},
	author = {Hubbs, Christian D. and Li, Can and Sahinidis, Nikolaos V. and Grossmann, Ignacio E. and Wassick, John M.},
	month = oct,
	year = {2020},
	pages = {106982},
}

@misc{kapoor_policy_2018,
	title = {Policy {Gradients} in a {Nutshell}},
	url = {https://towardsdatascience.com/policy-gradients-in-a-nutshell-8b72f9743c5d},
	abstract = {Everything you need to know to get started with Policy Gradient Algorithms for Reinforcement Learning},
	language = {en},
	urldate = {2021-11-15},
	journal = {Medium},
	author = {Kapoor, Sanyam},
	month = jun,
	year = {2018},
}
